@misc{ATLAS_schema,
  year = {2021},
  author = {Sascha Mehlhase},
  title = {ATLAS detector slice},
  howpublished = {\url{http://cds.cern.ch/record/2770815/files/}}
  }

@misc{p_val,
  year = {2011},
  author = {Corey Chivers},
  title = {P-value fallacy on More or Less},
  howpublished = {\url{https://bayesianbiologist.com/2011/08/21/p-value-fallacy-on-more-or-less/}}
}

@misc{opendata,
  year = {2016},
  author = {ATLAS Experiment},
  title = {Histograms Analyser},
  howpublished = {\url{http://opendata.atlas.cern/visualisations/analyser-js.php}}
}
