@INPROCEEDINGS{Anleitung,
  author={Dirk Duschinger},
  title={Elektronische Datektorauslese und digitale Datenverarbeitung mit FPGA},
  year={2013},
  volume={},
  number={},
  pages={},
  doi={}
  }
