@misc{Bild_DREAMS,
    author = {Prof. Dr. Anton Wallner},
    year = {2020},
    title = {Schematik DREAMS},
    howpublished = {\url{https://www.hzdr.de/db/Cms?pNid=1012}}
    }
@misc{Bild_Ionisationskammer,
    author = {Prof. Dr. Anton Wallner, Dr. Georg Rugel},
    year = {2021},
    title = {Schematik Ionisationskamer},
    howpublished = {Bereitgestellte Praktikumsanleitung}
    }

@misc{SRIM_Software,
    author = {James F. Ziegler},
    year = {2008},
    title = {Stopping and Range of Ions in Matter},
    howpublished = {\url{http://srim.org/}}
    }

@misc{IAEA_chart,
    author = {IAEA Nuclear Data Section},
    year = {2009-2021},
    title = {Live Chart of Nuclides},
    howpublished = {\url{https://www-nds.iaea.org/relnsd/vcharthtml/VChartHTML.html}}
    }
