@INPROCEEDINGS{Alpha,

  author={Roemer, Katja and Pausch, Guntram and Herbach, Claus-Michael and Kapusta, Maciej and Kong, Yong and Lentering, Ralf and Plettner, Cristina and Stein, Juergen and Moszyński, Marek and Swiderski, Łukasz and Szczęśnik, Tomasz},

  booktitle={IEEE Nuclear Science Symposuim   Medical Imaging Conference},

  title={Energy resolution and nonlinearity of NaI(Tl), CaF$_{2}$(Eu), and plastic scintillators measured with the wide-angle Compton-coincidence technique},

  year={2010},

  volume={},

  number={},

  pages={580-586},

  doi={10.1109/NSSMIC.2010.5873827}}
